@inproceedings{chakrabarti2009test,
  title={Test-the-rest: An approach to testing restful web-services},
  author={Chakrabarti, Sujit Kumar and Kumar, Prashant},
  booktitle={Future Computing, Service Computation, Cognitive, Adaptive, Content, Patterns, 2009. COMPUTATIONWORLD'09. Computation World:},
  pages={302--308},
  year={2009},
  organization={IEEE}
}
@inproceedings{reza2010framework,
  title={A framework for testing RESTful web services},
  author={Reza, Hassan and Van Gilst, David},
  booktitle={Information Technology: New Generations (ITNG), 2010 Seventh International Conference on},
  pages={216--221},
  year={2010},
  organization={IEEE}
}
@inproceedings{fertig2015model,
  title={Model-driven Testing of RESTful APIs},
  author={Fertig, Tobias and Braun, Peter},
  booktitle={Proceedings of the 24th International Conference on World Wide Web},
  pages={1497--1502},
  year={2015},
  organization={ACM}
}
@inproceedings{porres2011modeling,
  title={Modeling behavioral RESTful web service interfaces in UML},
  author={Porres, Ivan and Rauf, Irum},
  booktitle={Proceedings of the 2011 ACM Symposium on Applied Computing},
  pages={1598--1605},
  year={2011},
  organization={ACM}
}
@inproceedings{kao2013performance,
  title={Performance testing framework for rest-based web applications},
  author={Kao, Chia Hung and Lin, Chun Cheng and Chen, Juei-Nan},
  booktitle={2013 13th International Conference on Quality Software},
  pages={349--354},
  year={2013},
  organization={IEEE}
}
@article{rodriguez2008restful,
  title={Restful web services: The basics},
  author={Rodriguez, Alex},
  journal={IBM developerWorks},
  year={2008}
}
@article{navas2014rest,
  title={REST service testing based on inferred XML schemas},
  author={Navas, Alvaro and Capelastegui, Pedro and Huertas, Francisco and Alonso-Rodriguez, Pablo and Due{\~n}as, Juan C},
  journal={Network Protocols and Algorithms},
  volume={6},
  number={2},
  pages={6--21},
  year={2014}
}